% @book{Manski2003,
%   title={Partial Identification of Probability Distributions},
%   author={Manski, Charles F},
%   year={2003},
%   publisher={Springer Science \& Business Media}
% }

% @article{Heckman1979,
%   title={Sample Selection Bias as a Specification Error},
%   author={Heckman, James J.},
%   journal={Econometrica},
%   volume={47},
%   number={1},
%   pages={153--161},
%   year={1979}
% }

% @article{Granovetter1973,
%   title={The Strength of Weak Ties},
%   author={Granovetter, Mark S.},
%   journal={American Journal of Sociology},
%   volume={78},
%   number={6},
%   pages={1360--1380},
%   year={1973}
% }